
@online{traffic,
	author = {Enge, Eric},
	title = {Mobile vs Desktop Usage in 2018: Mobile takes the lead},
	date = {April 27, 2018},
	url = {https://www.stonetemple.com/mobile-vs-desktop-usage-study/}
}


@Misc{comScore ,
	author =       {comScore},
	title =        {The 2016 U.S. Mobile App Report},
	year =         {2016},
	month = 		{9},
	url ={https://www.comscore.com/Insights/Presentations-and-Whitepapers/2016/The-2016-US-Mobile-App-Report}
}

@Misc{keynote2007,
	author =       {Jobs, Steve},
	title =        {Steve Jobs keynote Macworld},
	year =         {2007},
	note =         {Keynote van Apple waar Steve Jobs voor het eerst de voorloper van PWA voorstelt},
	url ={https://9to5mac.com/2011/10/21/jobs-original-vision-for-the-iphone-no-third-party-native-apps/}
}

@online{mobileWat,
	author = {Rousse, Margaret},
	url = {https://searchsoftwarequality.techtarget.com/definition/native-application-native-app},
	title = {Native App},
	date = {maart 2018}
}

@online{apk,
	author = {Montegriffo, Nicholas},
	url = {https://www.androidpit.com/android-for-beginners-what-is-an-apk-file},
	title = {What is an APK file and how do you install one},
	date = {januari 2018}
}

@online{pwa,
	author = {LePage, Pete},
	url = {https://developers.google.com/web/fundamentals/codelabs/your-first-pwapp/},
	title = {Your first progressive webapp}
}

@online{appShell,
	author = {Osmani, Addy},
	url = {https://developers.google.com/web/fundamentals/architecture/app-shell},
	title = {The App Shell Model}
}

@online{manifest,
	author = {Gaunt, Matt},
	url = {https://developers.google.com/web/fundamentals/web-app-manifest/},
	title = {The Web App Manifest}
}

@online{serviceWorker,
	author = {Gaunt, Matt},
	url = {https://developers.google.com/web/fundamentals/primers/service-workers/},
	title = {Service Workers: an introduction}
}

@online{serviceWorker,
	author = {Bar, Adam},
	url = {https://whatwebcando.today/},
	title = {What Web Can Do Today}
}

@online{dropOff,
	author = {Cselle, Gabor},
	url = {https://medium.com/gabor/every-step-costs-you-20-of-users-b613a804c329},
	title = {Every Step Costs You 20\% of Users}
}
